<record><leader>00000cas a22000007a 4500</leader><controlfield tag="001">8786519</controlfield><controlfield tag="008">820918d18581861iaudr ne      0    0eng  </controlfield><controlfield tag="009">466</controlfield><datafield ind1=" " ind2=" " tag="010"><subfield code="a">sn 82014472 </subfield></datafield><datafield ind1=" " ind2=" " tag="040"><subfield code="a">DLC</subfield><subfield code="b">eng</subfield><subfield code="c">DLC</subfield><subfield code="d">INP</subfield></datafield><datafield ind1="1" ind2=" " tag="029"><subfield code="a">AU@</subfield><subfield code="b">000025818388</subfield></datafield><datafield ind1=" " ind2=" " tag="042"><subfield code="a">msc</subfield></datafield><datafield ind1="0" ind2="0" tag="050"><subfield code="a">Newspaper 7768-X</subfield></datafield><datafield ind1="0" ind2="4" tag="245"><subfield code="a">The Dubuque daily north-west.</subfield></datafield><datafield ind1="0" ind2="0" tag="246"><subfield code="a">Dubuque daily north west</subfield></datafield><datafield ind1="0" ind2="3" tag="246"><subfield code="a">North-west</subfield></datafield><datafield ind1=" " ind2=" " tag="260"><subfield code="a">Dubuque, IA :</subfield><subfield code="b">H.H. Heath,</subfield><subfield code="c">1858-</subfield></datafield><datafield ind1=" " ind2=" " tag="300"><subfield code="a">v. ;</subfield><subfield code="c">60 cm.</subfield></datafield><datafield ind1=" " ind2=" " tag="310"><subfield code="a">Daily</subfield></datafield><datafield ind1="0" ind2=" " tag="362"><subfield code="a">Vol. 2, no. 250 (Apr. 11, 1858) = whole no. 553-</subfield></datafield><datafield ind1=" " ind2=" " tag="515"><subfield code="a">Not published: May 27, 1858-June 1859. Cf. Gregory,  Amer. newspapers.</subfield></datafield><datafield ind1="0" ind2="0" tag="780"><subfield code="t">Daily north-west (Dubuque, Iowa)</subfield><subfield code="w">(DLC)sn 91056004</subfield></datafield><datafield ind1=" " ind2=" " tag="752"><subfield code="a">United States</subfield><subfield code="b">Iowa</subfield><subfield code="c">Dubuque</subfield><subfield code="d">Dubuque.</subfield></datafield></record>